<?xml version="1.0" encoding="UTF-8"?><collection xmlns="http://www.loc.gov/MARC21/slim"><record><leader>00531nam--2200205-u-4500</leader><controlfield tag="001">000055313</controlfield><controlfield tag="002">20161230</controlfield><controlfield tag="005">20161230201052</controlfield><controlfield tag="008">121219s1000------------r-----000-0-rus-d</controlfield><datafield ind1=" " ind2=" " tag="040"><subfield code="a">IFIN-H</subfield></datafield><datafield ind1=" " ind2=" " tag="041"><subfield code="a">rus</subfield></datafield><datafield ind1=" " ind2=" " tag="080"><subfield code="a">536.53</subfield></datafield><datafield ind1="1" ind2=" " tag="100"><subfield code="a">Kulakov, M.V</subfield></datafield><datafield ind1="1" ind2="0" tag="245"><subfield code="a">Izmarenie temperaturi poverhnosti tverdih tel</subfield><subfield code="c">M.v. kulakov, b.i. makarov</subfield></datafield><datafield ind1=" " ind2=" " tag="260"><subfield code="a">Moskva</subfield><subfield code="b">Energia</subfield><subfield code="c">1969</subfield></datafield><datafield ind1=" " ind2=" " tag="300"><subfield code="a">141P</subfield></datafield><datafield ind1=" " ind2=" " tag="490"><subfield code="a">Biblioteka Po Avtomatike</subfield></datafield><datafield ind1="1" ind2=" " tag="700"><subfield code="a">Makarov, B.I</subfield></datafield><datafield ind1=" " ind2=" " tag="852"><subfield code="a">77396</subfield><subfield code="c">539.23</subfield></datafield><datafield ind1=" " ind2=" " tag="CAT"><subfield code="a">Sys</subfield><subfield code="c">20121219</subfield><subfield code="h">143705</subfield></datafield></record></collection>